@article{bajak2014lectures,
  title={Lectures aren’t just boring, they’re ineffective, too, study finds},
  author={Bajak, Aleszu},
  journal={Science},
  volume={12},
  year={2014}
}

@article{freeman-active-learning-2014,
  title={Active learning increases student performance in science, engineering, and mathematics},
  author={Freeman, Scott and Eddy, Sarah L and McDonough, Miles and Smith, Michelle K and Okoroafor, Nnadozie and Jordt, Hannah and Wenderoth, Mary Pat},
  journal={Proceedings of the National Academy of Sciences},
  volume={111},
  number={23},
  pages={8410--8415},
  year={2014},
  publisher={National Acad Sciences}
}

@article{active-learning-techniques,
  title={Not another boring lecture: engaging learners with active learning techniques},
  author={Wolff, Margaret and Wagner, Mary Jo and Poznanski, Stacey and Schiller, Jocelyn and Santen, Sally},
  journal={The Journal of emergecy medicine},
  volume={48},
  number={1},
  pages={85--93},
  year={2015},
  publisher={Elsevier}
}
